@article{article,
    author =       "H. Baali, H. Djelouat, A. Amira and F. Bensaali",
    title =        "Empowering Technology Enabled Care Using IoT and Smart Devices: A Review",
    journal =      "IEEE Sensors Journal",
    volume =       "322",
    number =       "10",
    pages =        "891--921",
    year =         "1905"
}

@PROCEEDINGS{proc,
  title = {Proc.\ 23rd International Symposium on Distributed Computing
      (DISC, Elche, Spain, September 2009)},
  booktitle = {Proc.\ 23rd International Symposium on Distributed Computing
      (DISC, Elche, Spain, September 2009)},
  volume = 5805,
  series = {Lecture Notes in Computer Science},
  publisher = {Springer},
  address = {Berlin, Germany},
  year = {2009}
}
@book{book,
    author    = "Michel Goossens and Frank Mittelbach and Alexander Samarin",
    title     = "The \LaTeX\ Companion",
    year      = "1993",
    publisher = "Addison-Wesley",
    address   = "Reading, Massachusetts"
}


@article{giumale2004introducere,
  title={Introducere {\^\i}n analiza algoritmilor},
  author={Giumale, Cristian A},
  journal={Editura Polirom, Bucure{\c{s}}ti},
  year={2004}
}
 
@misc{silva,
    author =       "J. Silva-Martinez",
    title =        "ELEN-325. Introduction to Electronic Circuits: A Design Approach,",
    howpublished       = "\url{http://www.ece.tamu.edu/~spalermo/ecen325/Section%20III.pdf}",
    note = "Last accessed: 28 February 2018."
}

@article{mogocs2015new,
  title={A new asymptotic notation: Weak Theta},
  author={Mogo{\c{s}}, Andrei-Horia and Mogo{\c{s}}, Bianca and Florea, Adina Magda},
  journal={Mathematical Problems in Engineering},
  volume={2015},
  year={2015},
  publisher={Hindawi}
}

@misc{authors2017kubernetes,
  title={Kubernetes Documentation},
  author={Authors, Kubernetes},
  year={2017}
}


@misc{archcost,
  title={Infographics: Operation Costs in CPU Clock Cycles},
  author={Sergey Ignatchenko},
  year={2016}
}

@book{hennessy2011computer,
  title={Computer architecture: a quantitative approach},
  author={Hennessy, John L and Patterson, David A},
  year={2011},
  publisher={Elsevier}
}

@phdthesis{calotoiu2018automatic,
  title={Automatic Empirical Performance Modeling of Parallel Programs},
  author={Calotoiu, Alexandru},
  year={2018},
  school={Technische Universit{\"a}t}
}

@INPROCEEDINGS{4588528, author={H. {Snopce} and L. {Elmazi}}, booktitle={ITI 2008 - 30th International Conference on Information Technology Interfaces}, title={The importance of using the linear transformation matrix in determining the number of processing elements in 2-dimensional systolic array for the algorithm of matrix-matrix multiplication}, year={2008}, volume={}, number={}, pages={885-892},}


@inproceedings{le2012faster,
  title={Faster algorithms for rectangular matrix multiplication},
  author={Le Gall, Fran{\c{c}}ois},
  booktitle={2012 IEEE 53rd annual symposium on foundations of computer science},
  pages={514--523},
  year={2012},
  organization={IEEE}
}

@article{knuth1976mathematics,
  title={Mathematics and computer science: coping with finiteness.},
  author={Knuth, Donald Ervin},
  journal={Science (New York, NY)},
  volume={194},
  number={4271},
  pages={1235--1242},
  year={1976}
}


@book{murray1913history,
  title={A history of chess},
  author={Murray, Harold James Ruthven},
  year={1913},
  publisher={Clarendon Press}
}


@article{schwalbe2001zermelo,
  title={Zermelo and the early history of game theory},
  author={Schwalbe, Ulrich and Walker, Paul},
  journal={Games and economic behavior},
  volume={34},
  number={1},
  pages={123--137},
  year={2001},
  publisher={Elsevier}
}

@article{shannon1950xxii,
  title={XXII. Programming a computer for playing chess},
  author={Shannon, Claude E},
  journal={The London, Edinburgh, and Dublin Philosophical Magazine and Journal of Science},
  volume={41},
  number={314},
  pages={256--275},
  year={1950},
  publisher={Taylor \& Francis}
}

@book{allis1994searching,
  title={Searching for solutions in games and artificial intelligence},
  author={Allis, Louis Victor and others},
  year={1994},
  publisher={Ponsen \& Looijen Wageningen}
}


@article{watkins2017losing,
  title={Losing Chess: 1. e3 Wins for White.},
  author={Watkins, Mark},
  journal={ICGA Journal},
  volume={39},
  number={2},
  pages={123--125},
  year={2017}
}